<?xml version="1.0" encoding="UTF-8"?><collection xmlns="http://www.loc.gov/MARC21/slim"><record><leader>00558nam--2200181-u-4500</leader><controlfield tag="001">000053792</controlfield><controlfield tag="002">20161230</controlfield><controlfield tag="005">20161230201051</controlfield><controlfield tag="008">110621s1000------------r-----000-0-fre-d</controlfield><datafield ind1=" " ind2=" " tag="040"><subfield code="a">IFIN-HH</subfield></datafield><datafield ind1=" " ind2=" " tag="041"><subfield code="a">fre</subfield></datafield><datafield ind1=" " ind2=" " tag="080"><subfield code="a">538.9:537.222.22(043)</subfield></datafield><datafield ind1="1" ind2=" " tag="100"><subfield code="a">Merle, Pierre</subfield></datafield><datafield ind1="1" ind2="0" tag="245"><subfield code="a">Spectroscopie differentielle des semiconductors indirects par piezomodulation etude de gap, aisb, gax in1-x p, alx ga1-x sb</subfield><subfield code="b">These</subfield><subfield code="c">Pierre merle</subfield></datafield><datafield ind1=" " ind2=" " tag="260"><subfield code="a">Montpellier</subfield><subfield code="b">Universite</subfield><subfield code="c">1976</subfield></datafield><datafield ind1=" " ind2=" " tag="300"><subfield code="a">140P</subfield></datafield><datafield ind1=" " ind2=" " tag="852"><subfield code="a">44092</subfield><subfield code="c">537:538</subfield></datafield><datafield ind1=" " ind2=" " tag="CAT"><subfield code="a">Sys</subfield><subfield code="c">20110621</subfield><subfield code="h">142719</subfield></datafield></record></collection>